@book{habermas1996between,
  title={Between facts and norms: Contributions to a discourse theory of law and democracy},
  author={Habermas, J{\"u}rgen},
  year={1996},
  publisher={MIT Press}
}

@article{porwol2014delib,
  title={DELIB: A social-semantic framework for deliberative democracy},
  author={Porwol, Lukasz and Ojo, Adegboyega and Breslin, John G},
  journal={International Journal of Electronic Governance},
  volume={7},
  number={1},
  pages={19--35},
  year={2014},
  publisher={Inderscience Publishers Ltd}
}

@inproceedings{panagiotopoulos2011deliberation,
  title={A deliberation ontology for e-participation decision support},
  author={Panagiotopoulos, Panagiotis and Moody, Christopher and Elliman, Tony},
  booktitle={International Conference on Electronic Government},
  pages={244--255},
  year={2011},
  organization={Springer}
}

@article{chesnevar2006aif,
  title={Towards an argument interchange format},
  author={Chesnevar, Carlos and McGinnis, Jarred and Modgil, Sanjay and Rahwan, Iyad and Reed, Chris and Simari, Guillermo and South, Matthew and Vreeswijk, Gerard and Willmott, Steven},
  journal={The Knowledge Engineering Review},
  volume={21},
  number={4},
  pages={293--316},
  year={2006},
  publisher={Cambridge University Press}
}

@article{kunz1970ibis,
  title={Issues as elements of information systems},
  author={Kunz, Werner and Rittel, Horst WJ},
  journal={Working Paper No. 131},
  year={1970},
  publisher={Institute of Urban and Regional Development, University of California Berkeley, California}
}

@inproceedings{breslin2006sioc,
  title={SIOC: an approach to connect web-based communities},
  author={Breslin, John G and Harth, Andreas and Bojars, Uldis and Decker, Stefan},
  booktitle={Proceedings of the 2nd international workshop on Web personalisation, recommender systems and intelligent user interfaces},
  pages={96--101},
  year={2006}
}

@inproceedings{hoekstra2007lkif,
  title={The LKIF Core Ontology of Basic Legal Concepts.},
  author={Hoekstra, Rinke and Breuker, Joost and Di Bello, Marcello and Boer, Alexander},
  booktitle={LOAIT},
  pages={43--63},
  year={2007}
}

@article{suarez2012neon,
  title={NeOn methodology for building ontology networks: specification, scheduling and reuse},
  author={Su{\'a}rez-Figueroa, Mari Carmen and G{\'o}mez-P{\'e}rez, Asunci{\'o}n and Fern{\'a}ndez-L{\'o}pez, Mariano},
  journal={Semantic Web},
  volume={6},
  number={2},
  pages={15--32},
  year={2012},
  publisher={IOS Press}
}
